@article{collobert2011natural,  title={Natural language processing (almost) from scratch},  author={Collobert, Ronan and Weston, Jason and Bottou, L{\'e}on and Karlen, Michael and Kavukcuoglu, Koray and Kuksa, Pavel},  journal={Journal of machine learning research},  volume={12},  number={Aug},  pages={2493--2537},  year={2011}}
@article{brown1992class, title={Class-based n-gram models of natural language}, author={Brown, Peter F and Desouza, Peter V and Mercer, Robert L and Pietra, Vincent J Della and Lai, Jenifer C}, journal={Computational linguistics}, volume={18}, number={4}, pages={467--479}, year={1992}, publisher={MIT Press} }
@inproceedings{mo2018personalizing, title={Personalizing a dialogue system with transfer reinforcement learning}, author={Mo, Kaixiang and Zhang, Yu and Li, Shuangyin and Li, Jiajun and Yang, Qiang}, booktitle={Thirty-Second AAAI Conference on Artificial Intelligence}, year={2018} }
@inproceedings{singh2000reinforcement, title={Reinforcement learning for spoken dialogue systems}, author={Singh, Satinder P and Kearns, Michael J and Litman, Diane J and Walker, Marilyn A}, booktitle={Advances in Neural Information Processing Systems}, pages={956--962}, year={2000} }
@article{li2016deep, title={Deep reinforcement learning for dialogue generation}, author={Li, Jiwei and Monroe, Will and Ritter, Alan and Galley, Michel and Gao, Jianfeng and Jurafsky, Dan}, journal={arXiv preprint arXiv:1606.01541}, year={2016} }
@article{mikolov2013efficient, title={Efficient estimation of word representations in vector space}, author={Mikolov, Tomas and Chen, Kai and Corrado, Greg and Dean, Jeffrey}, journal={arXiv preprint arXiv:1301.3781}, year={2013} }
@inproceedings{turian2010word, title={Word representations: a simple and general method for semi-supervised learning}, author={Turian, Joseph and Ratinov, Lev and Bengio, Yoshua}, booktitle={Proceedings of the 48th annual meeting of the association for computational linguistics}, pages={384--394}, year={2010}, organization={Association for Computational Linguistics} }
@inproceedings{krogh1994hidden, title={Hidden Markov models for labeled sequences}, author={Krogh, Anders}, booktitle={Proceedings of the 12th IAPR International Conference on Pattern Recognition, Vol. 3-Conference C: Signal Processing (Cat. No. 94CH3440-5)}, volume={2}, pages={140--144}, year={1994}, organization={IEEE} }
@inproceedings{mccallum2000maximum, title={Maximum Entropy Markov Models for Information Extraction and Segmentation.}, author={McCallum, Andrew and Freitag, Dayne and Pereira, Fernando CN}, booktitle={Icml}, volume={17}, number={2000}, pages={591--598}, year={2000} }
@article{lafferty2001conditional, title={Conditional random fields: Probabilistic models for segmenting and labeling sequence data}, author={Lafferty, John and McCallum, Andrew and Pereira, Fernando CN}, journals={ICML}, year={2001} }
@inproceedings{toutanova2003feature, title={Feature-rich part-of-speech tagging with a cyclic dependency network}, author={Toutanova, Kristina and Klein, Dan and Manning, Christopher D and Singer, Yoram}, booktitle={Proceedings of the 2003 conference of the North American chapter of the association for computational linguistics on human language technology-volume 1}, pages={173--180}, year={2003}, organization={Association for Computational Linguistics} }
@article{sang2003introduction, title={Introduction to the CoNLL-2003 shared task: Language-independent named entity recognition}, author={Sang, Erik F and De Meulder, Fien}, journal={arXiv preprint cs/0306050}, year={2003} }
@inproceedings{choi2005identifying, title={Identifying sources of opinions with conditional random fields and extraction patterns}, author={Choi, Yejin and Cardie, Claire and Riloff, Ellen and Patwardhan, Siddharth}, booktitle={Proceedings of the conference on Human Language Technology and Empirical Methods in Natural Language Processing}, pages={355--362}, year={2005}, organization={Association for Computational Linguistics} }
@inproceedings{mccallum2003early, title={Early results for named entity recognition with conditional random fields, feature induction and web-enhanced lexicons}, author={McCallum, Andrew and Li, Wei}, booktitle={Proceedings of the seventh conference on Natural language learning at HLT-NAACL 2003-Volume 4}, pages={188--191}, year={2003}, organization={Association for Computational Linguistics} }
@inproceedings{sarawagi2005semi, title={Semi-markov conditional random fields for information extraction}, author={Sarawagi, Sunita and Cohen, William W}, booktitle={Advances in neural information processing systems}, pages={1185--1192}, year={2005} }
@article{lample2016neural, title={Neural architectures for named entity recognition}, author={Lample, Guillaume and Ballesteros, Miguel and Subramanian, Sandeep and Kawakami, Kazuya and Dyer, Chris}, journal={arXiv preprint arXiv:1603.01360}, year={2016} }
@article{chiu2016named, title={Named entity recognition with bidirectional LSTM-CNNs}, author={Chiu, Jason PC and Nichols, Eric}, journal={Transactions of the Association for Computational Linguistics}, volume={4}, pages={357--370}, year={2016}, publisher={MIT Press} }
@article{gridach2017character, title={Character-level neural network for biomedical named entity recognition}, author={Gridach, Mourad}, journal={Journal of biomedical informatics}, volume={70}, pages={85--91}, year={2017}, publisher={Elsevier} }
@article{ma2016end, title={End-to-end sequence labeling via bi-directional lstm-cnns-crf}, author={Ma, Xuezhe and Hovy, Eduard}, journal={arXiv preprint arXiv:1603.01354}, year={2016} }
@inproceedings{zheng2013deep, title={Deep learning for Chinese word segmentation and POS tagging}, author={Zheng, Xiaoqing and Chen, Hanyang and Xu, Tianyu}, booktitle={Proceedings of the 2013 Conference on Empirical Methods in Natural Language Processing}, pages={647--657}, year={2013} }
@inproceedings{pennington2014glove, title={Glove: Global vectors for word representation}, author={Pennington, Jeffrey and Socher, Richard and Manning, Christopher}, booktitle={Proceedings of the 2014 conference on empirical methods in natural language processing (EMNLP)}, pages={1532--1543}, year={2014} }
@inproceedings{levy2014neural, title={Neural word embedding as implicit matrix factorization}, author={Levy, Omer and Goldberg, Yoav}, booktitle={Advances in neural information processing systems}, pages={2177--2185}, year={2014} }
@article{levy2015improving, title={Improving distributional similarity with lessons learned from word embeddings}, author={Levy, Omer and Goldberg, Yoav and Dagan, Ido}, journal={Transactions of the Association for Computational Linguistics}, volume={3}, pages={211--225}, year={2015}, publisher={MIT Press} }
@article{bojanowski2017enriching, title={Enriching word vectors with subword information}, author={Bojanowski, Piotr and Grave, Edouard and Joulin, Armand and Mikolov, Tomas}, journal={Transactions of the Association for Computational Linguistics}, volume={5}, pages={135--146}, year={2017}, publisher={MIT Press} }
@article{joulin2016bag, title={Bag of tricks for efficient text classification}, author={Joulin, Armand and Grave, Edouard and Bojanowski, Piotr and Mikolov, Tomas}, journal={arXiv preprint arXiv:1607.01759}, year={2016} }
@article{kim2014convolutional, title={Convolutional neural networks for sentence classification}, author={Kim, Yoon}, journals={Proceedings of the 2014 conference on empirical methods in natural language processing (EMNLP)}, year={2014} }
@techreport{ilprints422, number = {1999-66}, month = {November}, author = {Lawrence Page and Sergey Brin and Rajeev Motwani and Terry Winograd}, note = {Previous number = SIDL-WP-1999-0120}, title = {The PageRank Citation Ranking: Bringing Order to the Web.}, type = {Technical Report}, publisher = {Stanford InfoLab}, year = {1999}, institution = {Stanford InfoLab}, url = {http://ilpubs.stanford.edu:8090/422/}, abstract = {The importance of a Web page is an inherently subjective matter, which depends on the readers interests, knowledge and attitudes. But there is still much that can be said objectively about the relative importance of Web pages. This paper describes PageRank, a mathod for rating Web pages objectively and mechanically, effectively measuring the human interest and attention devoted to them. We compare PageRank to an idealized random Web surfer. We show how to efficiently compute PageRank for large numbers of pages. And, we show how to apply PageRank to search and to user navigation.} }
@article{kleinberg1999authoritative, title={Authoritative sources in a hyperlinked environment}, author={Kleinberg, Jon M}, journal={Journal of the ACM (JACM)}, volume={46}, number={5}, pages={604--632}, year={1999}, publisher={ACM} }
@inproceedings{mihalcea2004textrank, title={Textrank: Bringing order into text}, author={Mihalcea, Rada and Tarau, Paul}, booktitle={Proceedings of the 2004 conference on empirical methods in natural language processing}, year={2004} }
@article{barrios2016variations, title={Variations of the similarity function of textrank for automated summarization}, author={Barrios, Federico and L{\'o}pez, Federico and Argerich, Luis and Wachenchauzer, Rosa}, journal={arXiv preprint arXiv:1602.03606}, year={2016} }
@article{robertson2009probabilistic, title={The probabilistic relevance framework: BM25 and beyond}, author={Robertson, Stephen and Zaragoza, Hugo and others}, journal={Foundations and Trends{\textregistered} in Information Retrieval}, volume={3}, number={4}, pages={333--389}, year={2009}, publisher={Now Publishers, Inc.} }
@article{erkan2004lexrank, title={Lexrank: Graph-based lexical centrality as salience in text summarization}, author={Erkan, G{\"u}nes and Radev, Dragomir R}, journal={Journal of artificial intelligence research}, volume={22}, pages={457--479}, year={2004} }
@inproceedings{chen2011simple, title={A simple and effective unsupervised word segmentation approach}, author={Chen, Songjian and Xu, Yabo and Chang, Huiyou}, booktitle={Twenty-Fifth AAAI Conference on Artificial Intelligence}, year={2011} }
@article{kim2014kr, title={KR-WordRank: An Unsupervised Korean Word Extraction Method Based on WordRank}, author={Kim, Hyun-Joong and Cho, Sungzoon and Kang, Pilsung}, journal={Journal of Korean Institute of Industrial Engineers}, volume={40}, number={1}, pages={18--33}, year={2014}, publisher={Korean Institute of Industrial Engineers} }
@article{alsumait2009topic,  title={Topic significance ranking of LDA generative models},  author={AlSumait, Loulwah and Barbar{\'a}, Daniel and Gentle, James and Domeniconi, Carlotta},  journal={Machine Learning and Knowledge Discovery in Databases},  pages={67--82},  year={2009},  publisher={Springer}}
@article{blei2003latent,  title={Latent dirichlet allocation},  author={Blei, David M and Ng, Andrew Y and Jordan, Michael I},  journal={Journal of machine Learning research},  volume={3},  number={Jan},  pages={993--1022},  year={2003}}
@inproceedings{chuang2012interpretation,  title={Interpretation and trust: Designing model-driven visualizations for text analysis},  author={Chuang, Jason and Ramage, Daniel and Manning, Christopher and Heer, Jeffrey},  booktitle={Proceedings of the SIGCHI Conference on Human Factors in Computing Systems},  pages={443--452},  year={2012},  organization={ACM}}
@inproceedings{chuang2012termite,  title={Termite: Visualization techniques for assessing textual topic models},  author={Chuang, Jason and Manning, Christopher D and Heer, Jeffrey},  booktitle={Proceedings of the international working conference on advanced visual interfaces},  pages={74--77},  year={2012},  organization={ACM}}
@inproceedings{chuang2013topic,  title={Topic model diagnostics: Assessing domain relevance via topical alignment},  author={Chuang, Jason and Gupta, Sonal and Manning, Christopher and Heer, Jeffrey},  booktitle={Proceedings of the 30th International Conference on machine learning (ICML-13)},  pages={612--620},  year={2013}}
@inproceedings{mimno2011optimizing,  title={Optimizing semantic coherence in topic models},  author={Mimno, David and Wallach, Hanna M and Talley, Edmund and Leenders, Miriam and McCallum, Andrew},  booktitle={Proceedings of the conference on empirical methods in natural language processing},  pages={262--272},  year={2011},  organization={Association for Computational Linguistics}}
@inproceedings{newman2010evaluating,  title={Evaluating topic models for digital libraries},  author={Newman, David and Noh, Youn and Talley, Edmund and Karimi, Sarvnaz and Baldwin, Timothy},  booktitle={Proceedings of the 10th annual joint conference on Digital libraries},  pages={215--224},  year={2010},  organization={ACM}}
@article{popescul2000automatic,  title={Automatic labeling of document clusters},  author={Popescul, Alexandrin and Ungar, Lyle H},  journal={Unpublished manuscript, available at http://citeseer. nj. nec. com/popescul00automatic. html},  year={2000}}
@inproceedings{ramage2009topic,  title={Topic modeling for the social sciences},  author={Ramage, Daniel and Rosen, Evan and Chuang, Jason and Manning, Christopher D and McFarland, Daniel A},  booktitle={NIPS 2009 workshop on applications for topic models: text and beyond},  volume={5},  pages={27},  year={2009}}
@inproceedings{sievert2014ldavis,  title={LDAvis: A method for visualizing and interpreting topics},  author={Sievert, Carson and Shirley, Kenneth E},  booktitle={Proceedings of the workshop on interactive language learning, visualization, and interfaces},  pages={63--70},  year={2014}}
@article{snyder2013topic,  title={Topic models and metadata for visualizing text corpora},  author={Snyder, Justin and Knowles, Rebecca and Dredze, Mark and Gormley, Matthew and Wolfe, Travis},  journal={Proceedings of the 2013 NAACL HLT Demonstration Session},  pages={5--9},  year={2013}}
@inproceedings{song2009topic,  title={Topic and keyword re-ranking for LDA-based topic modeling},  author={Song, Yangqiu and Pan, Shimei and Liu, Shixia and Zhou, Michelle X and Qian, Weihong},  booktitle={Proceedings of the 18th ACM conference on Information and knowledge management},  pages={1757--1760},  year={2009},  organization={ACM}}
@inproceedings{taddy2012estimation,  title={On estimation and selection for topic models},  author={Taddy, Matt},  booktitle={International Conference on Artificial Intelligence and Statistics},  pages={1184--1193},  year={2012}}
@inproceedings{wallach2009evaluation,  title={Evaluation methods for topic models},  author={Wallach, Hanna M and Murray, Iain and Salakhutdinov, Ruslan and Mimno, David},  booktitle={Proceedings of the 26th annual international conference on machine learning},  pages={1105--1112},  year={2009},  organization={ACM}}
@inproceedings{bischof2012summarizing,  title={Summarizing topical content with word frequency and exclusivity},  author={Bischof, Jonathan and Airoldi, Edoardo M},  booktitle={Proceedings of the 29th International Conference on Machine Learning (ICML-12)},  pages={201--208},  year={2012}}
@InProceedings{ramage09tmsocial,  author = {Ramage, Daniel  and  Rosen, Evan and Chuang, Jason and Manning, Christopher D.  and  McFarland, Daniel A.},  title = {Topic Modeling for the Social Sciences},  booktitle = {NIPS 2009 Workshop on Applications for Topic Models: Text and Beyond},  month = {December},  year = {2009},  address = {Whistler, Canada},}
@article{landauer1998introduction, title={An introduction to latent semantic analysis}, author={Landauer, Thomas K and Foltz, Peter W and Laham, Darrell}, journal={Discourse processes}, volume={25}, number={2-3}, pages={259--284}, year={1998}, publisher={Taylor \& Francis} }
@inproceedings{hofmann1999probabilistic, title={Probabilistic latent semantic analysis}, author={Hofmann, Thomas}, booktitle={Proceedings of the Fifteenth conference on Uncertainty in artificial intelligence}, pages={289--296}, year={1999}, organization={Morgan Kaufmann Publishers Inc.} }
@inproceedings{largeron2011entropy, title={Entropy based feature selection for text categorization}, author={Largeron, Christine and Moulin, Christophe and G{\'e}ry, Mathias}, booktitle={Proceedings of the 2011 ACM Symposium on Applied Computing}, pages={924--928}, year={2011}, organization={ACM} }
@article{bengio2003neural, title={A neural probabilistic language model}, author={Bengio, Yoshua and Ducharme, R{\'e}jean and Vincent, Pascal and Jauvin, Christian}, journal={Journal of machine learning research}, volume={3}, number={Feb}, pages={1137--1155}, year={2003} }
@book{jurafsky2014speech, title={Speech and language processing}, author={Jurafsky, Dan and Martin, James H}, volume={3}, year={2014}, publisher={Pearson London} }
@inproceedings{mikolov2013distributed, title={Distributed representations of words and phrases and their compositionality}, author={Mikolov, Tomas and Sutskever, Ilya and Chen, Kai and Corrado, Greg S and Dean, Jeff}, booktitle={Advances in neural information processing systems}, pages={3111--3119}, year={2013} }
@inproceedings{gutmann2010noise, title={Noise-contrastive estimation: A new estimation principle for unnormalized statistical models}, author={Gutmann, Michael and Hyv{\"a}rinen, Aapo}, booktitle={Proceedings of the Thirteenth International Conference on Artificial Intelligence and Statistics}, pages={297--304}, year={2010} }
@article{harris1954distributional, title={Distributional structure}, author={Harris, Zellig S}, journal={Word}, volume={10}, number={2-3}, pages={146--162}, year={1954}, publisher={Taylor \& Francis} }
@inproceedings{lee2002automatic,  title={Automatic word spacing using hidden Markov model for refining Korean text corpora},  author={Lee, Do-Gil and Lee, Sang-Zoo and Rim, Hae-Chang and Lim, Heui-Seok},  booktitle={Proceedings of the 3rd workshop on Asian language resources and international standardization-Volume 12},  pages={1--7},  year={2002},  organization={Association for Computational Linguistics}}
@article{lee2007automatic,  title={Automatic word spacing using probabilistic models based on character n-grams},  author={Lee, Do-Gil and Rim, Hae-Chang and Yook, Dongsuk},  journal={IEEE Intelligent Systems},  volume={22},  number={1},  year={2007},  publisher={IEEE}}
@article{shim2011crf,  title={Automatic word spacing based on conditional random fields},  author={Shim, Kwangseob},  journal={Korean Journal of Cognitive Science},  volume={22},  number={2},  pages={217--233},  year={2011},}
@article{lee2013automatic,  title={Automatic Korean word spacing using Pegasos algorithm},  author={Lee, Changki and Kim, Hyunki},  journal={Information Processing \& Management},  volume={49},  number={1},  pages={370--379},  year={2013},  publisher={Elsevier}}
@article{lee2013joint,  title={Joint models for Korean word spacing and POS tagging using structural SVM},  author={Lee, Changki and Kim, Junseok and Kim, Jeonghee and Kim, Hyunki},  journal={Journal of KIISE: Software and Applications},  volume={40},  number={12},  pages={826--832},  year={2013}}
@article{Lee2017adatadriven,  title={A data-driven spacing correction system using character-level unidirectional LSTM},  author={Lee, Chanhee and Lee, Seolwha and Kim, Kuekyeng and Lim, Heuiseok},  journal={Proceedings of the Korean Information Science Society Conference},  pages={660--662},  year={2017}}
@inproceedings{hong2007korean,  title={Korean spacing by improving viterbi segmentation},  author={Hong, Gumwon and Rim, Hae-Chang},  booktitle={Advanced Language Processing and Web Information Technology, 2007. ALPIT 2007. Sixth International Conference on},  pages={75--80},  year={2007},  organization={IEEE}}
@article{kang2006category,  title={Category-pattern-based korean word-spacing},  author={Kang, Mi-young and Jung, Sung-won and Kwon, Hyuk-chul},  journal={Lecture notes in computer science},  volume={4285},  pages={288},  year={2006},  publisher={Springer}}
@article{rush2015neural, title={A neural attention model for abstractive sentence summarization}, author={Rush, Alexander M and Chopra, Sumit and Weston, Jason}, journal={arXiv preprint arXiv:1509.00685}, year={2015} }
@article{see2017get, title={Get to the point: Summarization with pointer-generator networks}, author={See, Abigail and Liu, Peter J and Manning, Christopher D}, journal={arXiv preprint arXiv:1704.04368}, year={2017} }
@article{nallapati2016abstractive, title={Abstractive text summarization using sequence-to-sequence rnns and beyond}, author={Nallapati, Ramesh and Zhou, Bowen and Gulcehre, Caglar and Xiang, Bing and others}, journal={arXiv preprint arXiv:1602.06023}, year={2016} }
@article{gu2016incorporating, title={Incorporating copying mechanism in sequence-to-sequence learning}, author={Gu, Jiatao and Lu, Zhengdong and Li, Hang and Li, Victor OK}, journal={arXiv preprint arXiv:1603.06393}, year={2016} }
@inproceedings{bohnet2012transition, title={A transition-based system for joint part-of-speech tagging and labeled non-projective dependency parsing}, author={Bohnet, Bernd and Nivre, Joakim}, booktitle={Proceedings of the 2012 Joint Conference on Empirical Methods in Natural Language Processing and Computational Natural Language Learning}, pages={1455--1465}, year={2012}, organization={Association for Computational Linguistics} }
@inproceedings{zhang2016transition, title={Transition-based neural word segmentation}, author={Zhang, Meishan and Zhang, Yue and Fu, Guohong}, booktitle={Proceedings of the 54th Annual Meeting of the Association for Computational Linguistics (Volume 1: Long Papers)}, volume={1}, pages={421--431}, year={2016} }
@article{cai2017fast, title={Fast and accurate neural word segmentation for Chinese}, author={Cai, Deng and Zhao, Hai and Zhang, Zhisong and Xin, Yuan and Wu, Yongjian and Huang, Feiyue}, journal={arXiv preprint arXiv:1704.07047}, year={2017} }
@inproceedings{brants2000tnt, title={TnT: a statistical part-of-speech tagger}, author={Brants, Thorsten}, booktitle={Proceedings of the sixth conference on Applied natural language processing}, pages={224--231}, year={2000}, organization={Association for Computational Linguistics} }
@inproceedings{kudo2004applying, title={Applying conditional random fields to Japanese morphological analysis}, author={Kudo, Taku and Yamamoto, Kaoru and Matsumoto, Yuji}, booktitle={Proceedings of the 2004 conference on empirical methods in natural language processing}, year={2004} }
@article{andor2016globally, title={Globally normalized transition-based neural networks}, author={Andor, Daniel and Alberti, Chris and Weiss, David and Severyn, Aliaksei and Presta, Alessandro and Ganchev, Kuzman and Petrov, Slav and Collins, Michael}, journal={arXiv preprint arXiv:1603.06042}, year={2016} }
@inproceedings{ritter2011named, title={Named entity recognition in tweets: an experimental study}, author={Ritter, Alan and Clark, Sam and Etzioni, Oren and others}, booktitle={Proceedings of the conference on empirical methods in natural language processing}, pages={1524--1534}, year={2011}, organization={Association for Computational Linguistics} }
@inproceedings{minkov2005extracting, title={Extracting personal names from email: Applying named entity recognition to informal text}, author={Minkov, Einat and Wang, Richard C and Cohen, William W}, booktitle={Proceedings of human language technology conference and conference on empirical methods in natural language processing}, year={2005} }
@inproceedings{ling2012fine, title={Fine-grained entity recognition}, author={Ling, Xiao and Weld, Daniel S}, booktitle={Twenty-Sixth AAAI Conference on Artificial Intelligence}, year={2012} }
@inproceedings{mccallum2005conditional, title={Conditional models of identity uncertainty with application to noun coreference}, author={McCallum, Andrew and Wellner, Ben}, booktitle={Advances in neural information processing systems}, pages={905--912}, year={2005} }
@techreport{gimpel2010part, title={Part-of-speech tagging for twitter: Annotation, features, and experiments}, author={Gimpel, Kevin and Schneider, Nathan and O'Connor, Brendan and Das, Dipanjan and Mills, Daniel and Eisenstein, Jacob and Heilman, Michael and Yogatama, Dani and Flanigan, Jeffrey and Smith, Noah A}, year={2010}, institution={Carnegie-Mellon Univ Pittsburgh Pa School of Computer Science} }
@inproceedings{sha2003shallow, title={Shallow parsing with conditional random fields}, author={Sha, Fei and Pereira, Fernando}, booktitle={Proceedings of the 2003 Conference of the North American Chapter of the Association for Computational Linguistics on Human Language Technology-Volume 1}, pages={134--141}, year={2003}, organization={Association for Computational Linguistics} }
@article{finkel2008efficient, title={Efficient, feature-based, conditional random field parsing}, author={Finkel, Jenny Rose and Kleeman, Alex and Manning, Christopher D}, journal={Proceedings of ACL-08: HLT}, pages={959--967}, year={2008} }
@article{tsochantaridis2005large, title={Large margin methods for structured and interdependent output variables}, author={Tsochantaridis, Ioannis and Joachims, Thorsten and Hofmann, Thomas and Altun, Yasemin}, journal={Journal of machine learning research}, volume={6}, number={Sep}, pages={1453--1484}, year={2005} }
@inproceedings{taskar2004max, title={Max-margin parsing}, author={Taskar, Ben and Klein, Dan and Collins, Mike and Koller, Daphne and Manning, Christopher}, booktitle={Proceedings of the 2004 Conference on Empirical Methods in Natural Language Processing}, year={2004} }
@article{ballesteros2015improved, title={Improved transition-based parsing by modeling characters instead of words with LSTMs}, author={Ballesteros, Miguel and Dyer, Chris and Smith, Noah A}, journal={arXiv preprint arXiv:1508.00657}, year={2015} }
@inproceedings{alberti2015improved, title={Improved transition-based parsing and tagging with neural networks}, author={Alberti, Chris and Weiss, David and Coppola, Greg and Petrov, Slav}, booktitle={Proceedings of the 2015 Conference on Empirical Methods in Natural Language Processing}, pages={1354--1359}, year={2015} }
@Article{Cortes1995, author="Cortes, Corinna and Vapnik, Vladimir", title="Support-vector networks", journal="Machine Learning", year="1995", volume="20", number="3", pages="273--297", } 
@article{cho2014learning, title={Learning phrase representations using RNN encoder-decoder for statistical machine translation}, author={Cho, Kyunghyun and Van Merri{\"e}nboer, Bart and Gulcehre, Caglar and Bahdanau, Dzmitry and Bougares, Fethi and Schwenk, Holger and Bengio, Yoshua}, journal={arXiv preprint arXiv:1406.1078}, year={2014} }
@article{hochreiter1997long, title={Long short-term memory}, author={Hochreiter, Sepp and Schmidhuber, J{\"u}rgen}, journal={Neural computation}, volume={9}, number={8}, pages={1735--1780}, year={1997}, publisher={MIT Press} }
@inproceedings{graves2005bidirectional, title={Bidirectional LSTM networks for improved phoneme classification and recognition}, author={Graves, Alex and Fern{\'a}ndez, Santiago and Schmidhuber, J{\"u}rgen}, booktitle={International Conference on Artificial Neural Networks}, pages={799--804}, year={2005}, organization={Springer} }
@inproceedings{zhao2007incorporating, title={Incorporating global information into supervised learning for Chinese word segmentation}, author={Zhao, Hai and Kit, Chunyu}, booktitle={Proceedings of the 10th Conference of the Pacific Association for Computational Linguistics}, pages={66--74}, year={2007}, organization={Citeseer} }
@article{lloyd1982least, title={Least squares quantization in PCM}, author={Lloyd, Stuart}, journal={IEEE transactions on information theory}, volume={28}, number={2}, pages={129--137}, year={1982}, publisher={IEEE} }
@inproceedings{huang2008similarity, title={Similarity measures for text document clustering}, author={Huang, Anna}, booktitle={Proceedings of the sixth new zealand computer science research student conference (NZCSRSC2008), Christchurch, New Zealand}, volume={4}, pages={9--56}, year={2008} }
@article{dhillon2001concept, title={Concept decompositions for large sparse text data using clustering}, author={Dhillon, Inderjit S and Modha, Dharmendra S}, journal={Machine learning}, volume={42}, number={1-2}, pages={143--175}, year={2001}, publisher={Springer} }
@inproceedings{arthur2007k, title={k-means++: The advantages of careful seeding}, author={Arthur, David and Vassilvitskii, Sergei}, booktitle={Proceedings of the eighteenth annual ACM-SIAM symposium on Discrete algorithms}, pages={1027--1035}, year={2007}, organization={Society for Industrial and Applied Mathematics} }
@article{xiong2009k, title={K-means clustering versus validation measures: a data-distribution perspective}, author={Xiong, Hui and Wu, Junjie and Chen, Jian}, journal={IEEE Transactions on Systems, Man, and Cybernetics, Part B (Cybernetics)}, volume={39}, number={2}, pages={318--331}, year={2009}, publisher={IEEE} }
@inproceedings{yuan2015lightlda, title={Lightlda: Big topic models on modest computer clusters}, author={Yuan, Jinhui and Gao, Fei and Ho, Qirong and Dai, Wei and Wei, Jinliang and Zheng, Xun and Xing, Eric Po and Liu, Tie-Yan and Ma, Wei-Ying}, booktitle={Proceedings of the 24th International Conference on World Wide Web}, pages={1351--1361}, year={2015}, organization={International World Wide Web Conferences Steering Committee} }
@inproceedings{xu2003document, title={Document clustering based on non-negative matrix factorization}, author={Xu, Wei and Liu, Xin and Gong, Yihong}, booktitle={Proceedings of the 26th annual international ACM SIGIR conference on Research and development in informaion retrieval}, pages={267--273}, year={2003}, organization={ACM} }
@inproceedings{darling2011theoretical, title={A theoretical and practical implementation tutorial on topic modeling and gibbs sampling}, author={Darling, William M}, booktitle={Proceedings of the 49th annual meeting of the association for computational linguistics: Human language technologies}, pages={642--647}, year={2011} }
@inproceedings{ester1996density, title={A density-based algorithm for discovering clusters in large spatial databases with noise.}, author={Ester, Martin and Kriegel, Hans-Peter and Sander, J{\"o}rg and Xu, Xiaowei and others}, booktitle={Kdd}, volume={96}, number={34}, pages={226--231}, year={1996} }
@article{zhao2005hierarchical, title={Hierarchical clustering algorithms for document datasets}, author={Zhao, Ying and Karypis, George and Fayyad, Usama}, journal={Data mining and knowledge discovery}, volume={10}, number={2}, pages={141--168}, year={2005}, publisher={Springer} }
@inproceedings{le2014distributed, title={Distributed representations of sentences and documents}, author={Le, Quoc and Mikolov, Tomas}, booktitle={International conference on machine learning}, pages={1188--1196}, year={2014} }
@article{dai2015document, title={Document embedding with paragraph vectors}, author={Dai, Andrew M and Olah, Christopher and Le, Quoc V}, journal={arXiv preprint arXiv:1507.07998}, year={2015} }
@inproceedings{aggarwal2001surprising, title={On the surprising behavior of distance metrics in high dimensional space}, author={Aggarwal, Charu C and Hinneburg, Alexander and Keim, Daniel A}, booktitle={International conference on database theory}, pages={420--434}, year={2001}, organization={Springer} }
@article{liang2012k, title={The $ K $-Means-Type Algorithms Versus Imbalanced Data Distributions}, author={Liang, Jiye and Bai, Liang and Dang, Chuangyin and Cao, Fuyuan}, journal={IEEE Transactions on Fuzzy Systems}, volume={20}, number={4}, pages={728--745}, year={2012}, publisher={IEEE} }
@inproceedings{zhang2006keyword, title={Keyword extraction using support vector machine}, author={Zhang, Kuo and Xu, Hui and Tang, Jie and Li, Juanzi}, booktitle={International Conference on Web-Age Information Management}, pages={85--96}, year={2006}, organization={Springer} }
@article{onan2016ensemble, title={Ensemble of keyword extraction methods and classifiers in text classification}, author={Onan, Aytu{\u{g}} and Koruko{\u{g}}lu, Serdar and Bulut, Hasan}, journal={Expert Systems with Applications}, volume={57}, pages={232--247}, year={2016}, publisher={Elsevier} }
@book{jurafsky2000speech,  title={Speech \& language processing},  author={Jurafsky, Dan},  year={2000},  publisher={Pearson Education India}}
@article{shim2004high,  title={High speed Korean morphological analysis based on adjacency condition check},  author={Shim, Kwang-Seob and Yang, Jae-Hyung},  journal={Journal of KIISE: Software and Applications},  volume={31},  number={1},  pages={89--99},  year={2004}}
@article{shim2007made,  title={MADE: Morphological Analyzer Development Environment},  author={Shim, Kwang-Seob},  journal={Journal of Internet Computing and Services},  volume={8},  number={4},  pages={159--171},  year={2007},  publisher={Korean Society for Internet Information}}
@inproceedings{na2012crfs,  title={CRFs for Korean morpheme segmentation and POS tagging},  author={Na, Seung-Hoon and Yang, Seong-Il and Kim, Chang-Hyun and Kwon, Oh-Woog and Kim, Young-Kil},  booktitle={Proc. of 24th Annual Conference on Human and Cognitive Language Technology},  pages={12--15},  year={2012}}
@article{Lee2016functional,  title={Functional Expansion of Morphological Analyzer Based on Longest Phrase Matching For Efficient Korean Parsing},  author={Lee, Hyeon-yoeng and Lee, Jong-seok and Kang, Byeong-do and Yang, Seung-weon},  journal={Journal of Digital Contents Society},  volume={17},  number={3},  pages={203--210},  year={2016}}
@inproceedings{hong2008new,  title={A New Korean Morphological Analyzer using Eojeol Pattern Dictionary},  author={Hong, Jeen-Pyo and Cha, Jeong-Won},  booktitle={Proceedings of the Korean Information Science Society Conference},  year={2008},  organization={Korean Institute of Information Scientists and Engineers}}
@article{lee2003efficient,  title={An efficient method for Korean noun extraction using noun patterns},  author={Lee, Do-Gil and Lee, Sang-Zoo and Rim, Hae-Chang},  journal={Journal of KIISE: Software and Applications},  volume={30},  number={1},  pages={173--173},  year={2003},  publisher={Korean Institute of Information Scientists and Engineers}}
@article{shim2016cloning,  title={Cloning of Korean Morphological Analyzers using Pre-analyzed Eojeol Dictionary and Syllable-based Probabilistic Model},  author={Shim, Kwangseob},  journal={KIISE Transactions on Computing Practices},  volume={22},  number={3},  pages={119--126},  year={2016},  publisher={Korean Institute of Information Scientists and Engineers}}
